<?xml version="1.0" encoding="UTF-8"?><collection xmlns="http://www.loc.gov/MARC21/slim"><record><leader>00395nam--2200133-i-4500</leader><controlfield tag="001">000014382</controlfield><controlfield tag="002">20161230</controlfield><controlfield tag="005">20161230201030</controlfield><controlfield tag="008">060222s1000------------r-----000-0-eng-d</controlfield><datafield ind1=" " ind2=" " tag="080"><subfield code="a">548.1.02(043)</subfield></datafield><datafield ind1=" " ind2=" " tag="100"><subfield code="a">Adam, Sanda-anca</subfield></datafield><datafield ind1=" " ind2=" " tag="245"><subfield code="a">Cimp cristalin si anizotropie magnetica in diverse singonii cristaline. teza</subfield></datafield><datafield ind1=" " ind2=" " tag="260"><subfield code="a">Bucuresti, Institutul Central De Fizica, 1983 157 P</subfield></datafield><datafield ind1=" " ind2=" " tag="852"><subfield code="a">70537</subfield></datafield></record></collection>